<?xml version="1.0" encoding="UTF-8"?><collection xmlns="http://www.loc.gov/MARC21/slim"><record><leader>00451nam--2200145-i-4500</leader><controlfield tag="001">000006282</controlfield><controlfield tag="002">20161230</controlfield><controlfield tag="005">20161230201026</controlfield><controlfield tag="008">060222s1000------------r-----000-0-eng-d</controlfield><datafield ind1=" " ind2=" " tag="080"><subfield code="a">543.544</subfield></datafield><datafield ind1=" " ind2=" " tag="245"><subfield code="a">Chromatographic reviews.progress in chromatogr aphy, electrophoresis and related metods</subfield></datafield><datafield ind1=" " ind2=" " tag="260"><subfield code="a">Amsterdam, Elsevier Publ.Co., 1959-1960-</subfield></datafield><datafield ind1=" " ind2=" " tag="490"><subfield code="a">Pt.Continuare Vezi Revista Chromatographic Rev Iews</subfield></datafield><datafield ind1=" " ind2=" " tag="700"><subfield code="a">Lederen, M</subfield></datafield><datafield ind1=" " ind2=" " tag="852"><subfield code="a">18327</subfield></datafield></record></collection>